@article{Vidotto_2021,
   title={The evolution of the solar wind},
   volume={18},
   ISSN={1614-4961},
   url={http://dx.doi.org/10.1007/s41116-021-00029-w},
   DOI={10.1007/s41116-021-00029-w},
   number={1},
   journal={Living Reviews in Solar Physics},
   publisher={Springer Science and Business Media LLC},
   author={Vidotto, Aline A.},
   year={2021},
   month=apr
}

@book{Gosling2007,
  author    = {Gosling, J. T.},
  title     = {The Solar Wind},
  editor    = {L. H. Linsky},
  booktitle = {Encyclopedia of the Solar System},
  year      = {2007},
  publisher = {Elsevier},
  pages     = {99--116},
  doi       = {10.1016/b978-012088589-3/50009-8}
}

@article{DBLP:journals/corr/abs-2109-07143,
  author       = {Nils Wandel and
                  Michael Weinmann and
                  Michael Neidlin and
                  Reinhard Klein},
  title        = {Spline-PINN: Approaching PDEs without Data using Fast, Physics-Informed
                  Hermite-Spline CNNs},
  journal      = {CoRR},
  volume       = {abs/2109.07143},
  year         = {2021},
  url          = {https://arxiv.org/abs/2109.07143},
  eprinttype    = {arXiv},
  eprint       = {2109.07143},
  timestamp    = {Wed, 22 Sep 2021 14:16:57 +0200},
  biburl       = {https://dblp.org/rec/journals/corr/abs-2109-07143.bib},
  bibsource    = {dblp computer science bibliography, https://dblp.org}
}

@article{Sokolov_2022,
   title={Stream-aligned Magnetohydrodynamics for Solar Wind Simulations},
   volume={926},
   ISSN={1538-4357},
   url={http://dx.doi.org/10.3847/1538-4357/ac400f},
   DOI={10.3847/1538-4357/ac400f},
   number={1},
   journal={The Astrophysical Journal},
   publisher={American Astronomical Society},
   author={Sokolov, Igor V. and Zhao, Lulu and Gombosi, Tamas I.},
   year={2022},
   month=feb, pages={102}
}

@article{2006LNCS.3732..554E,
       author = {{Ekenb{\"a}ck}, A. and {Holmstr{\"o}m}, M.},
        title = "{MHD modeling of the interaction between the solar wind and solar system objects}",
    booktitle = {Lecture Notes in Computer Science},
         year = 2006,
       volume = {3732},
        pages = {554-562},
       adsurl = {https://ui.adsabs.harvard.edu/abs/2006LNCS.3732..554E},
      adsnote = {Provided by the SAO/NASA Astrophysics Data System}
}

